
@book{proGit,
	title = "Pro Git",
	author = "Scott Chacon, Ben Straub",
	url = "https://git-scm.com/book/es/v1/",
	year = 2009
}

@misc{ easyGit,
	title = "Guia sencilla de GIT",
	url = "http://rogerdudler.github.io/git-guide/index.es.html" }

@misc{ gitTutorial,
	title = "Tutorial para inicar GIT",
	url = "https://www.howtoforge.com/tutorial/install-git-and-github-on-ubuntu-14.04/" } 

@misc{ pythonInstall,
	title = "Tutorial para instalar python y paquetes del mismo en Ubuntu",
	url = "ttps://www.digitalocean.com/community/tutorials/how-to-install-python-3-and-set-up-a-local-programming-environment-on-ubuntu-16-04" }

@misc{ latexTutorial,
	title = "Tutorial de LaTeX",
	url = "https://es.sharelatex.com/learn/" }

@misc{ stackOverflow,
	title = "Foro donde he resuelto alguna duda de plot en python",
	url = "https://stackoverflow.com" }

@misc{ pythonTutorial,
	title = "Tutorial de Python, facilitado por el profesor Alberto Ruiz,
	url = "http://nbviewer.jupyter.org/urls/robot.inf.um.es/material/nb/intro-python.ipynb" }
